@InProceedings{fivser2020strengthening,
    title = {Strengthening Potential Heuristics with Mutexes and Disambiguations},
    author = {Fi{\v{s}}er, Daniel and Hor{\v{c}}{\'\i}k, Rostislav and Komenda, Anton{\'\i}n},
    booktitle = {Proceedings of the Thirtienth International Conference on Automated Planning and Scheduling},
    pages = {124--133},
    year = {2020}
}

@InProceedings{pommerening2015non,
    title = {From non-negative to general operator cost partitioning},
    author = {Pommerening, Florian and Helmert, Malte and R{\"o}ger, Gabriele and Seipp, Jendrik},
    year = {2015},
    booktitle = {In Proceedings of the Twenty-Ninth AAAI Conference on Artificial Intelligence (AAAI 2015)},
    pages = {3335 -- 3341},
    publisher = {AAAI Press}
}

// FDR representation
@article{helmert2009concise,
    title = {Concise finite-domain representations for PDDL planning tasks},
    author = {Helmert, Malte},
    journal = {Artificial Intelligence},
    volume = {173},
    number = {5-6},
    pages = {503--535},
    year = {2009},
    publisher = {Elsevier}
}

// Downward Lab
@misc{seipp-et-al-zenodo2017,
    author = {Jendrik Seipp and Florian Pommerening and Silvan Sievers and Malte Helmert},
    title = {{Downward} {Lab}},
    publisher = {Zenodo},
    year = {2017},
    doi = {10.5281/zenodo.790461},
    url = {https://doi.org/10.5281/zenodo.790461},
    howpublished = {\url { https://doi.org/10.5281/zenodo.790461 }}
}

// diversification
@article{seipp2015new,
    title = {New optimization functions for potential heuristics},
    author = {Seipp, Jendrik and Pommerening, Florian and Helmert, Malte},
    booktitle = {Proceedings of the Twenty-Fifth International Conference on Automated Planning and Scheduling},
    year = {2015},
    publisher = {AAAI Press}
}

// A*
@article{hart1968formal,
    title = {A formal basis for the heuristic determination of minimum cost paths},
    author = {Hart, Peter E and Nilsson, Nils J and Raphael, Bertram},
    journal = {IEEE transactions on Systems Science and Cybernetics},
    volume = {4},
    number = {2},
    pages = {100--107},
    year = {1968},
    publisher = {IEEE}
}

// Fast Downward
@article{helmert2006fast,
    title = {The fast downward planning system},
    author = {Helmert, Malte},
    journal = {Journal of Artificial Intelligence Research},
    volume = {26},
    pages = {191--246},
    year = {2006}
}

// TNF
@InProceedings{pommerening2015normal,
    title = {A normal form for classical planning tasks},
    author = {Pommerening, Florian and Helmert, Malte},
    booktitle = {Proceedings of the Twenty-Fifth International Conference on Automated Planning and Scheduling},
    pages = {188--192},
    year = {2015},
    publisher = {AAAI Press}
}

// LM-cut
@InProceedings{helmert-domshlak-icaps2009,
    author = "Malte Helmert and Carmel Domshlak",
    title = "Landmarks, Critical Paths and Abstractions:
                   {What's} the Difference Anyway?",
    booktitle = {Proceedings of the Twenty-Fifth International Conference on Automated Planning and Scheduling},
    pages = {162--169},
    year = {2015}
}

// SAS+
@article{backstrom1995complexity,
    title = {Complexity results for SAS+ planning},
    author = {B{\"a}ckstr{\"o}m, Christer and Nebel, Bernhard},
    journal = {Computational Intelligence},
    volume = {11},
    number = {4},
    pages = {625--655},
    year = {1995},
    publisher = {Wiley Online Library}
}
